%%% ====================================================================
%%%  BibTeX-file{
%%%     author          = "Gerry Murray",
%%%     version         = "1.2",
%%%     date            = "2 April 2012",
%%%     filename        = "acmsmall-sample-bibfile.bib",
%%%     address         = "ACM, NY",
%%%     email           = "murray at hq.acm.org",
%%%     codetable       = "ISO/ASCII",
%%%     keywords        = "ACM Reference Format, bibliography, citation, references",
%%%     supported       = "yes",
%%%     docstring       = "This BibTeX database file contains 'bibdata' entries
%%%                        that 'match' the examples provided in the Specifications Document
%%%                        AND, also, 'legacy'-type bibs. It should assist authors in
%%%                        choosing the 'correct' at-bibtype and necessary bib-fields
%%%                        so as to obtain the appropriate ACM Reference Format output.
%%%                        It also contains many 'Standard Abbreviations'. "
%%%  }
%%% ====================================================================

% Journals

% First the Full Name is given, then the abbreviation used in the AMS Math
% Reviews, with an indication if it could not be found there.
% Note the 2nd overwrites the 1st, so swap them if you want the full name.

 %{AMS}
 @String{AMSTrans = "American Mathematical Society Translations" }
 @String{AMSTrans = "Amer. Math. Soc. Transl." }
 @String{BullAMS = "Bulletin of the American Mathematical Society" }
 @String{BullAMS = "Bull. Amer. Math. Soc." }
 @String{ProcAMS = "Proceedings of the American Mathematical Society" }
 @String{ProcAMS = "Proc. Amer. Math. Soc." }
 @String{TransAMS = "Transactions of the American Mathematical Society" }
 @String{TransAMS = "Trans. Amer. Math. Soc." }

 %ACM
 @String{CACM = "Communications of the {ACM}" }
 @String{CACM = "Commun. {ACM}" }
 @String{CompServ = "Comput. Surveys" }
 @String{JACM = "J. ACM" }
 @String{ACMMathSoft = "{ACM} Transactions on Mathematical Software" }
 @String{ACMMathSoft = "{ACM} Trans. Math. Software" }
 @String{SIGNUM = "{ACM} {SIGNUM} Newsletter" }
 @String{SIGNUM = "{ACM} {SIGNUM} Newslett." }

 @String{AmerSocio = "American Journal of Sociology" }
 @String{AmerStatAssoc = "Journal of the American Statistical Association" }
 @String{AmerStatAssoc = "J. Amer. Statist. Assoc." }
 @String{ApplMathComp = "Applied Mathematics and Computation" }
 @String{ApplMathComp = "Appl. Math. Comput." }
 @String{AmerMathMonthly = "American Mathematical Monthly" }
 @String{AmerMathMonthly = "Amer. Math. Monthly" }
 @String{BIT = "{BIT}" }
 @String{BritStatPsych = "British Journal of Mathematical and Statistical
          Psychology" }
 @String{BritStatPsych = "Brit. J. Math. Statist. Psych." }
 @String{CanMathBull = "Canadian Mathematical Bulletin" }
 @String{CanMathBull = "Canad. Math. Bull." }
 @String{CompApplMath = "Journal of Computational and Applied Mathematics" }
 @String{CompApplMath = "J. Comput. Appl. Math." }
 @String{CompPhys = "Journal of Computational Physics" }
 @String{CompPhys = "J. Comput. Phys." }
 @String{CompStruct = "Computers and Structures" }
 @String{CompStruct = "Comput. \& Structures" }
 @String{CompJour = "The Computer Journal" }
 @String{CompJour = "Comput. J." }
 @String{CompSysSci = "Journal of Computer and System Sciences" }
 @String{CompSysSci = "J. Comput. System Sci." }
 @String{Computing = "Computing" }
 @String{ContempMath = "Contemporary Mathematics" }
 @String{ContempMath = "Contemp. Math." }
 @String{Crelle = "Crelle's Journal" }
 @String{GiornaleMath = "Giornale di Mathematiche" }
 @String{GiornaleMath = "Giorn. Mat." } % didn't find in AMS MR., ibid.

 %IEEE
 @String{Computer = "{IEEE} Computer" }
 @String{IEEETransComp = "{IEEE} Transactions on Computers" }
 @String{IEEETransComp = "{IEEE} Trans. Comput." }
 @String{IEEETransAC = "{IEEE} Transactions on Automatic Control" }
 @String{IEEETransAC = "{IEEE} Trans. Automat. Control" }
 @String{IEEESpec = "{IEEE} Spectrum" } % didn't find in AMS MR
 @String{ProcIEEE = "Proceedings of the {IEEE}" }
 @String{ProcIEEE = "Proc. {IEEE}" } % didn't find in AMS MR
 @String{IEEETransAeroElec = "{IEEE} Transactions on Aerospace and Electronic
     Systems" }
 @String{IEEETransAeroElec = "{IEEE} Trans. Aerospace Electron. Systems" }

 @String{IMANumerAna = "{IMA} Journal of Numerical Analysis" }
 @String{IMANumerAna = "{IMA} J. Numer. Anal." }
 @String{InfProcLet = "Information Processing Letters" }
 @String{InfProcLet = "Inform. Process. Lett." }
 @String{InstMathApp = "Journal of the Institute of Mathematics and
     its Applications" }
 @String{InstMathApp = "J. Inst. Math. Appl." }
 @String{IntControl = "International Journal of Control" }
 @String{IntControl = "Internat. J. Control" }
 @String{IntNumerEng = "International Journal for Numerical Methods in
     Engineering" }
 @String{IntNumerEng = "Internat. J. Numer. Methods Engrg." }
 @String{IntSuper = "International Journal of Supercomputing Applications" }
 @String{IntSuper = "Internat. J. Supercomputing Applic." } % didn't find
%% in AMS MR
 @String{Kibernetika = "Kibernetika" }
 @String{JResNatBurStand = "Journal of Research of the National Bureau
     of Standards" }
 @String{JResNatBurStand = "J. Res. Nat. Bur. Standards" }
 @String{LinAlgApp = "Linear Algebra and its Applications" }
 @String{LinAlgApp = "Linear Algebra Appl." }
 @String{MathAnaAppl = "Journal of Mathematical Analysis and Applications" }
 @String{MathAnaAppl = "J. Math. Anal. Appl." }
 @String{MathAnnalen = "Mathematische Annalen" }
 @String{MathAnnalen = "Math. Ann." }
 @String{MathPhys = "Journal of Mathematical Physics" }
 @String{MathPhys = "J. Math. Phys." }
 @String{MathComp = "Mathematics of Computation" }
 @String{MathComp = "Math. Comp." }
 @String{MathScand = "Mathematica Scandinavica" }
 @String{MathScand = "Math. Scand." }
 @String{TablesAidsComp = "Mathematical Tables and Other Aids to Computation" }
 @String{TablesAidsComp = "Math. Tables Aids Comput." }
 @String{NumerMath = "Numerische Mathematik" }
 @String{NumerMath = "Numer. Math." }
 @String{PacificMath = "Pacific Journal of Mathematics" }
 @String{PacificMath = "Pacific J. Math." }
 @String{ParDistComp = "Journal of Parallel and Distributed Computing" }
 @String{ParDistComp = "J. Parallel and Distrib. Comput." } % didn't find
%% in AMS MR
 @String{ParComputing = "Parallel Computing" }
 @String{ParComputing = "Parallel Comput." }
 @String{PhilMag = "Philosophical Magazine" }
 @String{PhilMag = "Philos. Mag." }
 @String{ProcNAS = "Proceedings of the National Academy of Sciences
                    of the USA" }
 @String{ProcNAS = "Proc. Nat. Acad. Sci. U. S. A." }
 @String{Psychometrika = "Psychometrika" }
 @String{QuartMath = "Quarterly Journal of Mathematics, Oxford, Series (2)" }
 @String{QuartMath = "Quart. J. Math. Oxford Ser. (2)" }
 @String{QuartApplMath = "Quarterly of Applied Mathematics" }
 @String{QuartApplMath = "Quart. Appl. Math." }
 @String{RevueInstStat = "Review of the International Statisical Institute" }
 @String{RevueInstStat = "Rev. Inst. Internat. Statist." }

 %SIAM
 @String{JSIAM = "Journal of the Society for Industrial and Applied
     Mathematics" }
 @String{JSIAM = "J. Soc. Indust. Appl. Math." }
 @String{JSIAMB = "Journal of the Society for Industrial and Applied
     Mathematics, Series B, Numerical Analysis" }
 @String{JSIAMB = "J. Soc. Indust. Appl. Math. Ser. B Numer. Anal." }
 @String{SIAMAlgMeth = "{SIAM} Journal on Algebraic and Discrete Methods" }
 @String{SIAMAlgMeth = "{SIAM} J. Algebraic Discrete Methods" }
 @String{SIAMAppMath = "{SIAM} Journal on Applied Mathematics" }
 @String{SIAMAppMath = "{SIAM} J. Appl. Math." }
 @String{SIAMComp = "{SIAM} Journal on Computing" }
 @String{SIAMComp = "{SIAM} J. Comput." }
 @String{SIAMMatrix = "{SIAM} Journal on Matrix Analysis and Applications" }
 @String{SIAMMatrix = "{SIAM} J. Matrix Anal. Appl." }
 @String{SIAMNumAnal = "{SIAM} Journal on Numerical Analysis" }
 @String{SIAMNumAnal = "{SIAM} J. Numer. Anal." }
 @String{SIAMReview = "{SIAM} Review" }
 @String{SIAMReview = "{SIAM} Rev." }
 @String{SIAMSciStat = "{SIAM} Journal on Scientific and Statistical
     Computing" }
 @String{SIAMSciStat = "{SIAM} J. Sci. Statist. Comput." }

 @String{SoftPracExp = "Software Practice and Experience" }
 @String{SoftPracExp = "Software Prac. Experience" } % didn't find in AMS MR
 @String{StatScience = "Statistical Science" }
 @String{StatScience = "Statist. Sci." }
 @String{Techno = "Technometrics" }
 @String{USSRCompMathPhys = "{USSR} Computational Mathematics and Mathematical
     Physics" }
 @String{USSRCompMathPhys = "{U. S. S. R.} Comput. Math. and Math. Phys." }
 @String{VLSICompSys = "Journal of {VLSI} and Computer Systems" }
 @String{VLSICompSys = "J. {VLSI} Comput. Syst." }
 @String{ZAngewMathMech = "Zeitschrift fur Angewandte Mathematik und
     Mechanik" }
 @String{ZAngewMathMech = "Z. Angew. Math. Mech." }
 @String{ZAngewMathPhys = "Zeitschrift fur Angewandte Mathematik und Physik" }
 @String{ZAngewMathPhys = "Z. Angew. Math. Phys." }

% Publishers % ================================================= |

 @String{Academic = "Academic Press" }
 @String{ACMPress = "{ACM} Press" }
 @String{AdamHilger = "Adam Hilger" }
 @String{AddisonWesley = "Addison-Wesley" }
 @String{AllynBacon = "Allyn and Bacon" }
 @String{AMS = "American Mathematical Society" }
 @String{Birkhauser = "Birkha{\"u}ser" }
 @String{CambridgePress = "Cambridge University Press" }
 @String{Chelsea = "Chelsea" }
 @String{ClaredonPress = "Claredon Press" }
 @String{DoverPub = "Dover Publications" }
 @String{Eyolles = "Eyolles" }
 @String{HoltRinehartWinston = "Holt, Rinehart and Winston" }
 @String{Interscience = "Interscience" }
 @String{JohnsHopkinsPress = "The Johns Hopkins University Press" }
 @String{JohnWileySons = "John Wiley and Sons" }
 @String{Macmillan = "Macmillan" }
 @String{MathWorks = "The Math Works Inc." }
 @String{McGrawHill = "McGraw-Hill" }
 @String{NatBurStd = "National Bureau of Standards" }
 @String{NorthHolland = "North-Holland" }
 @String{OxfordPress = "Oxford University Press" }  %address Oxford or London?
 @String{PergamonPress = "Pergamon Press" }
 @String{PlenumPress = "Plenum Press" }
 @String{PrenticeHall = "Prentice-Hall" }
 @String{SIAMPub = "{SIAM} Publications" }
 @String{Springer = "Springer-Verlag" }
 @String{TexasPress = "University of Texas Press" }
 @String{VanNostrand = "Van Nostrand" }
 @String{WHFreeman = "W. H. Freeman and Co." }


@String{TOG = "ACM Transactions on Graphics (TOG)" }
@String{CVPR = "IEEE Computer Vision and Pattern Recognition (CVPR)" }
@String{ICCV = "IEEE International Conference on Computer Vision (ICCV)" }
@String{ECCV = "European Conference on Computer Vision (ECCV)" }
@String{PAMI = "IEEE Transactions on Pattern Analysis and Machine Intelligence (PAMI)" }
@String{TIP = "IEEE Transactions on Image Processing (TIP)" }
@String{NIPS = "Advances in Neural Information Processing Systems (NIPS)" }
@String{ICLR = "International Conference on Learning Representations (ICLR)" }

%Entries

@article{yu2018free,
  title={Free-form image inpainting with gated convolution},
  author={Yu, Jiahui and Lin, Zhe and Yang, Jimei and Shen, Xiaohui and Lu, Xin and Huang, Thomas S},
  journal={arXiv preprint arXiv:1806.03589},
  year={2018}
}

@inproceedings{Perazzi2016,
  author={F. Perazzi and J. Pont-Tuset and B. McWilliams and L. {Van Gool} and M. Gross and A. Sorkine-Hornung},
  title={A Benchmark Dataset and Evaluation Methodology for Video Object Segmentation},
  booktitle=CVPR,
  year = {2016}
}

@inproceedings{he2016deep,
  title={Deep residual learning for image recognition},
  author={He, Kaiming and Zhang, Xiangyu and Ren, Shaoqing and Sun, Jian},
  booktitle=CVPR,
  pages={770--778},
  year={2016}
}

@inproceedings{ronneberger2015u,
  title={U-Net: Convolutional networks for biomedical image segmentation},
  author={Ronneberger, Olaf and Fischer, Philipp and Brox, Thomas},
  booktitle={International Conference on Medical Image Computing and Computer Assisted Intervention},
  pages={234--241},
  year={2015},
  organization={Springer}
}

@article{liu2009content,
	title={Content-preserving warps for 3D video stabilization},
	author={Liu, Feng and Gleicher, Michael and Jin, Hailin and Agarwala, Aseem},
	journal=TOG,
	volume={28},
	number={3},
	pages={44},
	year={2009}
}

@inproceedings{liu2012video,
	title={Video stabilization with a depth camera},
	author={Liu, Shuaicheng and Wang, Yinting and Yuan, Lu and Bu, Jiajun and Tan, Ping and Sun, Jian},
	booktitle=CVPR,
	pages={89--95},
	year={2012}
}

@inproceedings{zhou2013plane,
	title={Plane-based content preserving warps for video stabilization},
	author={Zhou, Zihan and Jin, Hailin and Ma, Yi},
	booktitle=CVPR,
	pages={2299--2306},
	year={2013}
}

@inproceedings{buehler2001non,
	title={Non-metric image-based rendering for video stabilization},
	author={Buehler, Chris and Bosse, Michael and McMillan, Leonard},
	booktitle=CVPR,
	volume={2},
	pages={609--614},
	year={2001}
}

@inproceedings{smith2009light,
	title={Light field video stabilization},
	author={Smith, Brandon M and Zhang, Li and Jin, Hailin and Agarwala, Aseem},
	booktitle=ICCV,
	pages={341--348},
	year={2009}
}

@article{karpenko2011digital,
	title={Digital video stabilization and rolling shutter correction using gyroscopes},
	author={Karpenko, Alexandre and Jacobs, David and Baek, Jongmin and Levoy, Marc},
	journal={CSTR},
	volume={1},
	pages={2},
	year={2011}
}

@inproceedings{bell2014non,
	title={A non-linear filter for gyroscope-based video stabilization},
	author={Bell, Steven and Troccoli, Alejandro and Pulli, Kari},
	booktitle=ECCV,
	pages={294--308},
	year={2014}
}

@inproceedings{ovren2015gyroscope,
	title={Gyroscope-based video stabilisation with auto-calibration},
	author={Ovr{\'e}n, Hannes and Forss{\'e}n, Per-Erik},
	booktitle={IEEE International Conference on Robotics and Automation (ICRA)},
	pages={2090--2097},
	year={2015}
}

@article{liu2011subspace,
	title={Subspace video stabilization},
	author={Liu, Feng and Gleicher, Michael and Wang, Jue and Jin, Hailin and Agarwala, Aseem},
	journal=TOG,
	volume={30},
	number={1},
	pages={4},
	year={2011}
}

@inproceedings{liu2013joint,
	title={Joint subspace stabilization for stereoscopic video},
	author={Liu, Feng and Niu, Yuzhen and Jin, Hailin},
	booktitle=ICCV,
	pages={73--80},
	year={2013}
}

@article{goldstein2012video,
	title={Video stabilization using epipolar geometry},
	author={Goldstein, Amit and Fattal, Raanan},
	journal=TOG,
	volume={31},
	number={5},
	pages={126},
	year={2012}
}

@inproceedings{gleicher2007re,
	title={Re-cinematography: improving the camera dynamics of casual video},
	author={Gleicher, Michael L and Liu, Feng},
	booktitle={ACM Multimedia},
	pages={27--36},
	year={2007}
}

@article{matsushita2006full,
	title={Full-frame video stabilization with motion inpainting},
	author={Matsushita, Yasuyuki and Ofek, Eyal and Ge, Weina and Tang, Xiaoou and Shum, Heung-Yeung},
	journal=PAMI,
	volume={28},
	number={7},
	pages={1150--1163},
	year={2006}
}

@inproceedings{chen2008capturing,
	title={Capturing Intention-based Full-Frame Video Stabilization},
	author={Chen, Bing-Yu and Lee, Ken-Yi and Huang, Wei-Ting and Lin, Jong-Shan},
	booktitle={Computer Graphics Forum},
	volume={27},
	number={7},
	pages={1805--1814},
	year={2008}
}

@inproceedings{grundmann2011auto,
	title={Auto-directed video stabilization with robust l1 optimal camera paths},
	author={Grundmann, Matthias and Kwatra, Vivek and Essa, Irfan},
	booktitle=CVPR,
	pages={225--232},
	year={2011}
}

@inproceedings{grundmann2012calibration,
	title={Calibration-free rolling shutter removal},
	author={Grundmann, Matthias and Kwatra, Vivek and Castro, Daniel and Essa, Irfan},
	booktitle={IEEE ICCP},
	pages={1--8},
	year={2012}
}

@article{liu2013bundled,
	title={Bundled camera paths for video stabilization},
	author={Liu, Shuaicheng and Yuan, Lu and Tan, Ping and Sun, Jian},
	journal=TOG,
	volume={32},
	number={4},
	pages={78},
	year={2013}
}

@inproceedings{liu2014steadyflow,
	title={Steadyflow: Spatially smooth optical flow for video stabilization},
	author={Liu, Shuaicheng and Yuan, Lu and Tan, Ping and Sun, Jian},
	booktitle=CVPR,
	pages={4209--4216},
	year={2014}
}

@inproceedings{liu2016meshflow,
	title={Meshflow: Minimum latency online video stabilization},
	author={Liu, Shuaicheng and Tan, Ping and Yuan, Lu and Sun, Jian and Zeng, Bing},
	booktitle=ECCV,
	pages={800--815},
	year={2016}
}

@article{liu2017codingflow,
	title={CodingFlow: enable video coding for video stabilization},
	author={Liu, Shuaicheng and Li, Mingyu and Zhu, Shuyuan and Zeng, Bing},
	journal=TIP,
	volume={26},
	number={7},
	pages={3291--3302},
	year={2017}
}

@article{huang2018encoding,
	title={Encoding Shaky Videos By Integrating Efficient Video Stabilization},
	author={Huang, Hua and Wei, Xiao-Xiang and Zhang, Lei},
	journal={IEEE TCSVT},
	year={2018}
}

@article{wang2013spatially,
	title={Spatially and temporally optimized video stabilization},
	author={Wang, Yu-Shuen and Liu, Feng and Hsu, Pu-Sheng and Lee, Tong-Yee},
	journal={IEEE TVCG},
	volume={19},
	number={8},
	pages={1354--1361},
	year={2013}
}

@inproceedings{bai2014user,
	title={User-Assisted Video Stabilization},
	author={Bai, Jiamin and Agarwala, Aseem and Agrawala, Maneesh and Ramamoorthi, Ravi},
	booktitle={Computer Graphics Forum},
	volume={33},
	number={4},
	pages={61--70},
	year={2014}
}

@inproceedings{xu2018deep,
	title={Deep Video Stabilization Using Adversarial Networks},
	author={Xu, Sen-Zhe and Hu, Jun and Wang, Miao and Mu, Tai-Jiang and Hu, Shi-Min},
	booktitle={Computer Graphics Forum},
	volume={37},
	number={7},
	pages={267--276},
	year={2018}
}

@article{wang2018deep,
	title={Deep Online Video Stabilization with Multi-Grid Warping Transformation Learning},
	author={Wang, Miao and Yang, Guo-Ye and Lin, Jin-Kun and Shamir, Ariel and Zhang, Song-Hai and Lu, Shao-Ping and Hu, Shi-Min},
	journal=TIP,
	year={2018}
}

@inproceedings{Sun_CVPR_2018,
	author = {Deqing Sun and Xiaodong Yang and Ming-Yu Liu and Jan Kautz},
	title = {{PWC-Net}: {CNNs} for Optical Flow Using Pyramid, Warping, and Cost Volume},
	booktitle = CVPR,
	year = {2018}
}

@inproceedings{szegedy2017inception4,
	title={Inception-v4, inception-resnet and the impact of residual connections on learning.},
	author={Szegedy, Christian and Ioffe, Sergey and Vanhoucke, Vincent and Alemi, Alexander A},
	booktitle = {AAAI},
	volume={4},
	number={12},
	year={2017}
}

@inproceedings{szegedy2015inception1,
	title={Going deeper with convolutions.},
	author={Szegedy, Christian and Liu, Wei and Jia, Yangqing and Sermanet, Pierre and Reed, Scott and Anguelov, Dragomir and Erhan, Dumitru and Vanhoucke, Vincent and Rabinovich, Andrew},
	booktitle=CVPR,
	number={1--9},
	year={2015}
}

@inproceedings{fourure2017gridnet,
	title={Residual conv-deconv grid network for semantic segmentation.},
	author={Fourure, Damien. and Emonet, R{\'e}mi. and Fromont, Elisa. and Muselet, Damien. and Tremeau, Alain. and Wolf, Christian.},
	booktitle = {BMVC},
	year={2017}
}

@inproceedings{goroshin2015learning,
	title={Learning to linearize under uncertainty.},
	author={Goroshin, Ross and Mathieu, Michael F and LeCun, Yann},
	booktitle=NIPS,
	pages={1234--1242},
	year={2015}
}

@inproceedings{mathieu2016deep,
	title={Deep multi-scale video prediction beyond mean square error.},
	author={Mathieu, Michael and Couprie, Camille and LeCun, Yann},
	booktitle=ICLR,
	year={2016}
}

@inproceedings{long2016learning,
	title={Learning image matching by simply watching video.},
	author={Long, Gucan and Kneip, Laurent and Alvarez, Jose M and Li, Hongdong and Zhang, Xiaohu and Yu, Qifeng},
	booktitle=ECCV,
	pages={434--450},
	year={2016}
}

@article{niklaus2018context,
	title={Context-aware Synthesis for Video Frame Interpolation.},
	author={Niklaus, Simon and Liu, Feng},
	journal=CVPR,
	year={2018}
}

@inproceedings{niklaus2017video,
	title={Video frame interpolation via adaptive convolution},
	author={Niklaus, Simon and Mai, Long and Liu, Feng},
	booktitle=CVPR,
	volume={1},
	number={2},
	pages={3},
	year={2017}
}

@article{niklaus2017adaptive,
	title={Video frame interpolation via adaptive separable convolution},
	author={Niklaus, Simon and Mai, Long and Liu, Feng},
	journal=ICCV,
	year={2017}
}

@inproceedings{meyer2015phase,
	title={Phase-based frame interpolation for video},
	author={Meyer, Simone and Wang, Oliver and Zimmer, Henning and Grosse, Max and Sorkine-Hornung, Alexander},
	booktitle=CVPR,
	pages={1410--1418},
	year={2015}
}

@article{simonyan2014very,
	title={Very deep convolutional networks for large-scale image recognition},
	author={Simonyan, Karen and Zisserman, Andrew},
	journal={arXiv preprint arXiv:1409.1556},
	year={2014}
}













